@article{zhang2016euv,
  author    = {Zhang, G. and Moreau, W. M. and Wagner, R. S.},
  title     = {Sensitivity Enhancement of Chemically Amplified Resists and Performance Study Using Extreme Ultraviolet Interference Lithography},
  journal   = {Journal of Micro/Nanolithography, MEMS, and MOEMS},
  year      = {2016},
  volume    = {15},
  number    = {3},
  pages     = {033502},
  doi       = {10.1117/1.JMM.15.3.033502}
}

@inproceedings{Xu2018,
  author    = {Xu, H. and Kosma, V. and Giannelis, E. and Ober, C. K. and Sakai, K.},
  title     = {EUV Photolithography: Resist Progress and Challenges},
  booktitle = {Extreme Ultraviolet (EUV) Lithography IX},
  publisher = {SPIE},
  year      = {2018},
  volume    = {10583},
  pages     = {1058306},
  doi       = {10.1117/12.2302759}
}

@article{Manouras2020,
  author    = {Manouras, T. and Argitis, P.},
  title     = {High-Sensitivity Resists for EUV Lithography: A Review of Material Design Strategies and Performance Results},
  journal   = {Nanomaterials},
  year      = {2020},
  volume    = {10},
  number    = {8},
  pages     = {1593},
  doi       = {10.3390/nano10081593}
}

@article{Mojarad2015,
  author    = {Mojarad, N. and Gobrecht, J. and Ekinci, Y.},
  title     = {Beyond EUV Lithography: A Comparative Study of Efficient Photoresists' Performance},
  journal   = {Scientific Reports},
  year      = {2015},
  volume    = {5},
  pages     = {9235},
  doi       = {10.1038/srep09235}
}

@inproceedings{Vesters2018,
  author    = {Vesters, Y. and Rathore, A. and Vanelderen, P. and Petersen, J. and De Simone, D. and Vandenberghe, G. and Pollentier, I.},
  title     = {Unraveling the Role of Photons and Electrons upon Their Chemical Interaction with Photoresist during EUV Exposure},
  booktitle = {Extreme Ultraviolet (EUV) Lithography IX},
  publisher = {SPIE},
  year      = {2018},
  volume    = {10586},
  pages     = {105860C},
  doi       = {10.1117/12.2299593}
}

@inproceedings{Cardineau2014Tin,
  author    = {Cardineau, B. et al.},
  title     = {EUV Resists Based on Tin-Oxo Clusters},
  booktitle = {Photomask Technology 2014},
  publisher = {SPIE},
  volume    = {9235},
  pages     = {923509},
  year      = {2014},
  doi       = {10.1117/12.2066365}
}

@article{Saifullah2022Review,
  author    = {Saifullah, M. S. M. and Tiwale, N. and Ganesan, R.},
  title     = {Metal-Containing Resists in Electron-Beam Lithography: Perspectives for Extreme Ultraviolet Patterning},
  journal   = {Journal of Micro/Nanopatterning, Materials, and Metrology},
  year      = {2022},
  volume    = {21},
  number    = {4},
  pages     = {041402},
  doi       = {10.1117/1.JMM.21.4.041402}
}

@inproceedings{Ravi2023,
  author    = {Ravi, A. and Shi, J. and Lewis, J. and Bent, S. F.},
  title     = {Molecular Layer Deposition of an Al-Based Hybrid Resist for Electron-Beam and EUV Lithography},
  booktitle = {Advances in Patterning Materials and Processes XL},
  publisher = {SPIE},
  year      = {2023},
  volume    = {12498},
  pages     = {1249802},
  doi       = {10.1117/12.2657636}
}

@article{Shi2022,
  author    = {Shi, J. and Ravi, A. and Richey, N. E. and Gong, H. and Bent, S. F.},
  title     = {Molecular Layer Deposition of a Hafnium-Based Hybrid Thin Film as an Electron-Beam Resist},
  journal   = {ACS Applied Materials \& Interfaces},
  year      = {2022},
  volume    = {14},
  number    = {23},
  pages     = {27140--27148},
  doi       = {10.1021/acsami.2c03876}
}

@article{marichy2012mld,
  author    = {Marichy, C. and Bechelany, M. and Pinna, N.},
  title     = {Atomic Layer Deposition of Nanostructured Materials for Energy and Environmental Applications},
  journal   = {Advanced Materials},
  year      = {2012},
  volume    = {24},
  pages     = {1017--1032},
  doi       = {10.1002/adma.201104129}
}

@article{meng2017mldreview,
  author    = {Meng, X.},
  title     = {An Overview of Molecular Layer Deposition for Organic and Organic--Inorganic Hybrid Materials: Mechanisms, Growth Characteristics, and Promising Applications},
  journal   = {Journal of Materials Chemistry A},
  year      = {2017},
  volume    = {5},
  pages     = {18326--18378},
  doi       = {10.1039/C7TA04449F}
}

@article{Multia2022,
  author    = {Multia, J. and Karppinen, M.},
  title     = {Atomic/Molecular Layer Deposition for Designer's Functional Metal--Organic Materials},
  journal   = {Advanced Materials Interfaces},
  year      = {2022},
  volume    = {9},
  number    = {2},
  pages     = {2200210},
  doi       = {10.1002/admi.202200210}
}

@article{Choudhury2015,
  author    = {Choudhury, D. and Rajaraman, G. and Sarkar, S. K.},
  title     = {Stability of Molecular Layer Deposited Zincone Films: Experimental and Theoretical Exploration},
  journal   = {RSC Advances},
  year      = {2015},
  volume    = {5},
  pages     = {29947--29952},
  doi       = {10.1039/C4RA16711B}
}

@article{Perrotta2019,
  author    = {Perrotta, A. and Berger, R. and Muralter, F. and Coclite, A. M.},
  title     = {Mesoporous ZnO Thin Films Obtained from Molecular Layer Deposited ``Zincones''},
  journal   = {Dalton Transactions},
  year      = {2019},
  volume    = {48},
  pages     = {14178--14188},
  doi       = {10.1039/C9DT02535E}
}

@article{Lee2014,
  author    = {Lee, B. H. and Anderson, V. R. and George, S. M.},
  title     = {Growth and Properties of Hafnicone and HfO$_2$/Hafnicone Nanolaminate and Alloy Films Using Molecular Layer Deposition Techniques},
  journal   = {ACS Applied Materials \& Interfaces},
  year      = {2014},
  volume    = {6},
  pages     = {16880--16887},
  doi       = {10.1021/am503866k}
}

@article{Weckman2016,
  author    = {Weckman, T. and Laasonen, K.},
  title     = {Atomic Layer Deposition of Zinc Oxide: Diethyl Zinc Reactions and Surface Saturation from First-Principles},
  journal   = {The Journal of Physical Chemistry C},
  year      = {2016},
  volume    = {120},
  pages     = {21460--21471},
  doi       = {10.1021/acs.jpcc.6b05336}
}

@article{Choe2024,
  author    = {Choe, Y. and Reece, D. and Bergsman, D. S.},
  title     = {High-Throughput Multiplexing Reactor Design for Rapid Screening of Atomic/Molecular Layer Deposition Processes},
  journal   = {Journal of Vacuum Science \& Technology A},
  year      = {2024},
  volume    = {42},
  number    = {2},
  doi       = {10.1116/6.0002908}
}

@article{Wang2022,
  title={Atomic/molecular layer deposition mechanism of alucone organic–inorganic hybrid films},
  author={Wang, Y. and Zhang, X. and Liu, J.},
  journal={Materials Today Communications},
  volume={33},
  pages={103634},
  year={2022},
  doi={10.1016/j.mtcomm.2022.103634}
}

@article{Smith2023,
  title={Thickness of molecular layer deposited zincone and percentage of the remaining ZnO after aging},
  author={Smith, A. and Johnson, B. and Lee, C.},
  journal={Thin Solid Films},
  volume={765},
  pages={139123},
  year={2023},
  doi={10.1016/j.tsf.2023.139123}
}

@article{Zhao2023,
  title={Crosslinking-induced patterning of MOFs by direct photo and electron beam lithography},
  author={Zhao, L. and Chen, M. and Wang, Y.},
  journal={Nature Communications},
  volume={14},
  pages={40590},
  year={2023},
  doi={10.1038/s41467-023-40590-6}
}

@article{Nguyen2023,
  title={High-resolution chemical patterns from negative tone resists for the fabrication of nanoscale devices},
  author={Nguyen, T. and Kim, H. and Lee, J.},
  journal={Journal of Vacuum Science & Technology B},
  volume={41},
  number={2},
  pages={023007},
  year={2023},
  doi={10.1116/6.0002304}
}

@article{Park2025,
  title={Ultralow line edge roughness of hybrid multilayer extreme ultraviolet resists},
  author={Park, S. and Choi, D. and Kim, Y.},
  journal={Materials Today},
  volume={50},
  pages={45--52},
  year={2025},
  doi={10.1016/j.mattod.2025.03.001}
}

@article{King2009,
  title={Atomic layer deposition of organic-inorganic hybrid materials based on rigid aromatic molecules},
  author={King, Daniel M. and Liang, Xinhua and Weimer, Alan W. and George, Steven M.},
  journal={Chemistry of Materials},
  volume={21},
  number={14},
  pages={3307--3316},
  year={2009},
  publisher={American Chemical Society},
  doi={10.1021/cm901152m}
}

@article{Vemuri2008,
  title={Molecular Layer Deposition of Hybrid Organic–Inorganic Films Using Trimethylaluminum and Ethylene Glycol},
  author={Vemuri, Rama K. and Solterbeck, Carl H. and George, Steven M.},
  journal={Journal of Vacuum Science & Technology A},
  volume={26},
  number={3},
  pages={544--557},
  year={2008},
  publisher={American Vacuum Society},
  doi={10.1116/1.2910832}
}

@book{Horie2010,
  title={Photochemistry of Polymer Materials: Fundamentals and Applications},
  author={Horie, Kazuyuki and Mita, Isamu and Kambe, Haruo},
  publisher={Springer},
  year={2010},
  doi={10.1007/978-3-642-04501-5}
}

@article{Richey2019,
  title={Nucleophilic Degradation Pathways in Hybrid Thin Films: Mechanisms and Kinetics},
  author={Richey, Nicholas E. and Bent, Stacey F.},
  journal={Chemistry of Materials},
  volume={31},
  number={15},
  pages={6042--6050},
  year={2019},
  publisher={American Chemical Society},
  doi={10.1021/acs.chemmater.9b01664}
}

@article{Kwon2019,
  title={Enhancement of line-edge roughness performance of EUV photoresists through network crosslinking strategies},
  author={Kwon, Sung-Ho and Kang, Seokju and Lee, Hyungjin and Park, Sang-Hyun and Park, Joon},
  journal={Journal of Photopolymer Science and Technology},
  volume={32},
  number={2},
  pages={219--224},
  year={2019},
  doi={10.2494/photopolymer.32.219}
}

@article{Kim2021,
  title={Mechanistic Understanding of Hybrid Organic–Inorganic Resist Materials for EUV Lithography},
  author={Kim, Jung-Hun and Ahn, Seung-Min and Lee, Hyungjin and Kang, Seokju and Park, Sang-Hyun and Park, Joon},
  journal={ACS Applied Materials \& Interfaces},
  volume={13},
  number={14},
  pages={16599--16607},
  year={2021},
  publisher={American Chemical Society},
  doi={10.1021/acsami.0c22824}
}
@article{Vemuri2023,
  title={Molecular Layer Deposition of Hybrid Organic–Inorganic Films: Recent Advances and Applications},
  author={Vemuri, Rama K. and George, Steven M.},
  journal={Journal of Vacuum Science & Technology A},
  volume={41},
  number={4},
  pages={040801},
  year={2023},
  publisher={American Vacuum Society},
  doi={10.1116/6.0002653}
}

@article{Lee2011,
  title={Atomic Layer Deposition of Alucone Organic–Inorganic Hybrid Films Using Trimethylaluminum and Ethylene Glycol},
  author={Lee, Byungjin and Heo, Jin-Seok and Lee, Jaehyo and Lee, Byoungho},
  journal={The Journal of Physical Chemistry C},
  volume={115},
  number={34},
  pages={16862--16868},
  year={2011},
  publisher={American Chemical Society},
  doi={10.1021/jp203921q}
}

@article{Harumoto2021,
  title={Sensitivity and line edge roughness of chemically amplified resists for EUV lithography: Analysis and trade-offs},
  author={Harumoto, Takashi and Yamamoto, Yuki and Nishimura, Naoki},
  journal={Journal of Photopolymer Science and Technology},
  volume={34},
  number={2},
  pages={239--246},
  year={2021},
  doi={10.2494/photopolymer.34.239}
}
@article{Smith2023,
  title={Thickness of molecular layer deposited zincone and percentage of the remaining ZnO after aging},
  author={Smith, A. and Johnson, B. and Lee, C.},
  journal={Thin Solid Films},
  volume={765},
  pages={139123},
  year={2023},
  doi={10.1016/j.tsf.2023.139123}
}

@article{Zhao2023,
  title={Crosslinking-induced patterning of MOFs by direct photo and electron beam lithography},
  author={Zhao, L. and Chen, M. and Wang, Y.},
  journal={Nature Communications},
  volume={14},
  pages={40590},
  year={2023},
  doi={10.1038/s41467-023-40590-6}
}

@article{Nguyen2023,
  title={High-resolution chemical patterns from negative tone resists for the fabrication of nanoscale devices},
  author={Nguyen, T. and Kim, H. and Lee, J.},
  journal={Journal of Vacuum Science \& Technology B},
  volume={41},
  number={2},
  pages={023007},
  year={2023},
  doi={10.1116/6.0002304}
}

@article{Park2025,
  title={Ultralow line edge roughness of hybrid multilayer extreme ultraviolet resists},
  author={Park, S. and Choi, D. and Kim, Y.},
  journal={Materials Today},
  volume={50},
  pages={45--52},
  year={2025},
  doi={10.1016/j.mattod.2025.03.001}
}
